@book{Sutton98,
 author = {Sutton, Richard S. and Barto, Andrew G.},
 title = {Introduction to Reinforcement Learning},
 year = {1998},
 isbn = {0262193981},
 edition = {1st},
 publisher = {MIT Press},
 address = {Cambridge, MA, USA},
}

@book{Nocedal99,
 author = {Nocedal, Jorge and Wright, Stephen J.},
 title = {Numerical Optimization},
 publisher = {Springer-Verlag},
 address = {New York},
 year = {1999},
}

@Misc{NLopt,
 year = {2016},
 author =   {Steven G. Johnson},
 title =    {The NLopt nonlinear-optimization package},
 howpublished = {\url{http://ab-initio.mit.edu/nlopt}},
}

@inproceedings{Glover14,
 author={Jared Glover and Leslie Pack Kaelbling},
 title={Tracking the Spin on a Ping Pong Ball with the Quaternion Bingham Filter},
 booktitle = {IEEE Conference on Robotics and Automation (ICRA)},
 keywords={State Estimation},
 year = {2014},
}

@INPROCEEDINGS{Glover14, 
 author={J. Glover and L. P. Kaelbling}, 
 booktitle={2014 IEEE International Conference on Robotics and Automation}, 
 title={Tracking the spin on a ping pong ball with the quaternion Bingham filter}, 
 year={2014}, 
 pages={4133-4140}, 
 ISSN={1050-4729}, 
 month={May},}

@article{Muelling13,
	author = {Katharina M\"ulling and Jens Kober and Oliver Kroemer and Jan Peters},
	title = {Learning to select and generalize striking movements in robot table tennis},
	journal = {The International Journal of Robotics Research},
	volume = {32},
	number = {3},
	pages = {263-279},
	year = {2013},
	doi = {10.1177/0278364912472380},
}

@article{Garcia89,
 title = {Model predictive control: Theory and practice {-} A survey},
 journal = {Automatica},
 volume = {25},
 number = {3},
 pages = {335 - 348},
 year = {1989},
 issn = {0005-1098},
 author = {Carlos E. Garc\'{i}a and David M. Prett and Manfred Morari},
}

@book{GelfandFomin,
    AUTHOR = {Gelfand, I. M. and Fomin, S. V.},
     TITLE = {Calculus of variations},
    SERIES = {Revised English edition translated and edited by Richard A.
              Silverman},
 PUBLISHER = {Prentice-Hall, Inc., Englewood Cliffs, N.J.},
      YEAR = {1963},
     PAGES = {vii+232},
   MRCLASS = {49.00},
  MRNUMBER = {0160139},
MRREVIEWER = {W. H. Fleming},
}

@book{Liberzon11,
 author = {Liberzon, Daniel},
 title = {Calculus of Variations and Optimal Control Theory: A Concise Introduction},
 year = {2011},
 isbn = {0691151873, 9780691151878},
 publisher = {Princeton University Press},
 address = {Princeton, NJ, USA},
} 

@Book{BrysonHo69,
 author = {Bryson, Arthur E. and Ho, Yu-Chi},
 title = {Applied optimal control : optimization, estimation, and control},
 edition = { Rev. printing. },
 isbn = { 0891162283 0470114819 },
 publisher = {Hemisphere Pub. Corp.; distributed by Halsted Press Washington : New York},
 pages = {481 p. :},
 year = {1975},
 type = {Book },
 language = { English },
 subjects = { Control theory.; Mathematical optimization.; Dynamic programming.; Feedback control systems. },
 life-dates = { 1975 -  },
 catalogue-url = { http://nla.gov.au/nla.cat-vn1773065 },
}

@ARTICLE{Shaikh07, 
author={M. S. Shaikh and P. E. Caines}, 
journal={IEEE Transactions on Automatic Control}, 
title={On the Hybrid Optimal Control Problem: Theory and Algorithms}, 
year={2007}, 
volume={52}, 
number={9}, 
pages={1587-1603}, 
keywords={controllability;optimal control;time-varying systems;Hamiltonian jump conditions;autonomous location transitions;autonomous switchings;compact control value sets;hybrid minimum principle;hybrid optimal control problem;hybrid system trajectory optimality;hybrid systems optimization;local controllability condition;open bounded control;variation techniques;Algorithm design and analysis;Control systems;Controllability;Convergence;Cost function;Crystallization;Needles;Nonlinear dynamical systems;Nonlinear systems;Optimal control;Controllability;hybrid systems;maximum principle;nonlinear systems}, 
doi={10.1109/TAC.2007.904451}, 
ISSN={0018-9286}, 
month={Sept},}

@INPROCEEDINGS{Nakashima10,
author={A. Nakashima and Y. Ogawa and Y. Kobayashi and Y. Hayakawa},
booktitle={Proceedings of the 2010 American Control Conference},
title={Modeling of rebound phenomenon of a rigid ball with friction and elastic effects},
year={2010},
pages={1410-1415},
keywords={elasticity;friction;impact (mechanical);mechanical contact;rubber;shear modulus;sport;contact type determination;elastic effects;friction;impact;kinetic energy;ping-pong ball;racket rubber;rebound phenomenon;rigid ball;rubber elasticity;table rubber;Analytical models;Elasticity;Friction;Humans;Kinetic energy;Potential energy;Robot sensing systems;Robot vision systems;Rubber;Trajectory},
doi={10.1109/ACC.2010.5530520},
ISSN={0743-1619},
month={June},}

@Inbook{Powell94,
 author="Powell, M. J. D.",
 editor="Gomez, Susana and Hennart, Jean-Pierre",
 title="A Direct Search Optimization Method That Models the Objective and Constraint Functions by Linear Interpolation",
 bookTitle="Advances in Optimization and Numerical Analysis",
 year="1994",
 publisher="Springer Netherlands",
 address="Dordrecht",
 pages="51--67",
 isbn="978-94-015-8330-5",
}

@book{Schaettler12,
 title = "Geometric optimal control : theory, methods and examples",
 author = "Sch{\"a}ttler, Heinz and Ledzewicz, Urszula",
 series = "Interdisciplinary applied mathematics",
 publisher = "Springer",
 address = "New York, Heidelberg, Dordrecht",
 isbn = "978-1-461-43833-5",
 year = 2012
}

@INPROCEEDINGS{Baeuml11, 
 author={B. B\"{a}uml and O. Birbach and T. Wimb\"{o}ck and U. Frese and A. Dietrich and G. Hirzinger}, 
 booktitle={2011 11th IEEE-RAS International Conference on Humanoid Robots}, 
 title={Catching flying balls with a mobile humanoid: System overview and design considerations}, 
 year={2011}, 
 pages={513-520}, 
 ISSN={2164-0572}, 
 month={Oct},}
 
@INPROCEEDINGS{Kim10, 
 author={S. Kim and E. Gribovskaya and A. Billard}, 
 booktitle={2010 10th IEEE-RAS International Conference on Humanoid Robots}, 
 title={Learning motion dynamics to catch a moving object}, 
 year={2010}, 
 pages={106-111}, 
 ISSN={2164-0572}, 
 month={Dec},}

@article{Ramanantsoa94,
 author = {M. Ramanantsoa and A. Durey},
 title = {Towards a stroke construction model},
 journal = {Int. Journal of Table Tennis Science},
 volume = {2},
 year = {1994},
 pages = {97-114},
}

@techreport{Schaal06,
 author = {Schaal, S.},
 citeulike-article-id = {7218863},
 key = {simulation environment, documentation, real-time control envirionment, motor control},
 priority = {2},
 publisher = {university of southern california},
 title = {The {SL} simulation and real-time control software package},
 year = {2006}
}

@book{Spong06,
 title = "Robot modeling and control",
 author = "Spong, Mark W. and Hutchinson, Seth and Vidyasagar, Mathukumalli",
 publisher = "John Wiley \& Sons",
 address = "Hoboken (N.J.)",
 isbn = "0-471-64990-2",
 year = "2006",
}

@book{Pontryagin,
 title = "The Mathematical Theory of Optimal Processes",
 author = "Pontryagin, L. S. and Boltyanskii, V. G. and Gamkrelidze, R. V. and Mishchenko, E. F.",
 publisher = "Interscience (English translation)",
 year = "1962",
}

@book{Sorenson85,
 title = "Kalman filtering: theory and application",
 author = "Sorenson, H. W.",
 publisher = "IEEE Press, Los Alamitos, CA",
 year = "1985",
}

@article {Shumway82,
 author = {Shumway, R. H. and Stoffer, D. S.},
 title = {AN APPROACH TO TIME SERIES SMOOTHING AND FORECASTING USING THE EM ALGORITHM},
 journal = {Journal of Time Series Analysis},
 volume = {3},
 number = {4},
 publisher = {Blackwell Publishing Ltd},
 issn = {1467-9892},
 pages = {253--264},
 keywords = {Missing data, Kalman filter, EM algorithm, forecasting, maximum likelihood},
 year = {1982},
}


@article{Muelling11,
 author = {M\"ulling, Katharina and Kober, Jens and Peters, Jan}, 
 title = {A biomimetic approach to robot table tennis},
 volume = {19}, 
 number = {5}, 
 pages = {359-376}, 
 year = {2011}, 
 eprint = {http://adb.sagepub.com/content/19/5/359.full.pdf+html}, 
 journal = {Adaptive Behavior} 
}

@article{Muelling13,
 author = {M\"ulling, Katharina and Kober, Jens and Kroemer, Oliver and Peters, Jan}, 
 title = {Learning to select and generalize striking movements in robot table tennis},
 volume = {32}, 
 number = {3}, 
 pages = {263-279}, 
 year = {2013},  
 eprint = {http://ijr.sagepub.com/content/32/3/263.full.pdf+html}, 
 journal = {The International Journal of Robotics Research} 
}

@ARTICLE{Yanlong13, 
 author={Y. Huang and D. Xu and M. Tan and H. Su}, 
 journal={IEEE Transactions on Control Systems Technology}, 
 title={Adding Active Learning to LWR for Ping-Pong Playing Robot}, 
 year={2013}, 
 volume={21}, 
 number={4}, 
 pages={1489-1494}, 
 ISSN={1063-6536}, 
 month={July},}

@Article{Nakanishi2016,
 author = "Nakanishi, Jun and Radulescu, Andreea and Braun, David J. and Vijayakumar, Sethu",
 title = "Spatio-temporal stiffness optimization with switching dynamics",
 journal = "Autonomous Robots",
 year = "2016",
 pages = "1--19",
 issn = "1573-7527",
}

@INPROCEEDINGS{Baeuml10, 
 author = {B. B\"{a}uml and T. Wimb\"{o}ck and G. Hirzinger}, 
 booktitle = {2010 IEEE/RSJ International Conference on Intelligent Robots and Systems},
 title = {Kinematically optimal catching a flying ball with a hand-arm-system}, 
 year = {2010}, 
 pages = {2592-2599}, 
 ISSN = {2153-0858}, 
 month = {Oct},
}

@Article{Lampert12,
 author="Lampert, Christoph H. and Peters, Jan",
 title="Real-time detection of colored objects in multiple camera streams with off-the-shelf hardware components",
 journal="Journal of Real-Time Image Processing",
 year="2012",
 volume="7",
 number="1",
 pages="31--41",
 issn="1861-8219",
}


@ARTICLE{Flash85,
 author = {Tamar Flash and Neville Hogans},
 title = {The Coordination of Arm Movements: An Experimentally Confirmed Mathematical Model},
 journal = {Journal of neuroscience},
 year = {1985},
 volume = {5},
 pages = {1688--1703}
}

@INPROCEEDINGS{Lampariello11, 
 author = {R. Lampariello and D. Nguyen-Tuong and C. Castellini and G. Hirzinger and J. Peters}, 
 booktitle = {2011 IEEE International Conference on Robotics and Automation}, 
 title = {Trajectory planning for optimal robot catching in real-time}, 
 year = {2011}, 
 pages = {3719-3726}, 
 ISSN = {1050-4729}, 
 month = {May},
}

@ARTICLE{Matsushima05, 
 author = {M. Matsushima and T. Hashimoto and M. Takeuchi and F. Miyazaki}, 
 journal = {IEEE Transactions on Robotics}, 
 title = {A Learning Approach to Robotic Table Tennis}, 
 year = {2005}, 
 volume = {21}, 
 number = {4}, 
 pages = {767-771}, 
 ISSN = {1552-3098}, 
 month = {Aug},}
 
@inproceedings{Koc15,
 title = {Optimizing Robot Striking Movement Primitives with Iterative Learning Control},
 author = {Koc, O. and Maeda, G. and Neumann, G. and Peters, J.},
 booktitle = {2015 IEEE-RAS 15th International Conference on Humanoid Robots (Humanoids)},
 year = {2015},
}

@inproceedings{Koc16,
 title = {A New Trajectory Generation Framework in Robotic Table Tennis},
 author = {Koc, O. and Maeda, G. and Peters, J.},
 booktitle = {2016 IEEE/RSJ International Conference on Intelligent Robots and Systems},
 year = {2016}
}